<?xml version="1.0" encoding="UTF-8"?>
<record xmlns="http://www.loc.gov/MARC21/slim">
   <leader>00982cam a2200265 a 4500</leader>
   <controlfield tag="001">344182</controlfield>
   <controlfield tag="003">NjP</controlfield>
   <controlfield tag="005">20170619131042.0</controlfield>
   <controlfield tag="008">861202s1925    ua a          00000 arard</controlfield>
   <datafield tag="024" ind1="7" ind2=" ">
      <subfield code="a">princeton_aco004074</subfield>
      <subfield code="2">local</subfield>
   </datafield>
   <datafield ind1=" " ind2=" " tag="035">
      <subfield code="a">(OCoLC)27401888</subfield>
   </datafield>
   <datafield ind1=" " ind2=" " tag="035">
      <subfield code="a">(CStRLIN)NJPG86-B53989</subfield>
   </datafield>
   <datafield ind1=" " ind2=" " tag="035">
      <subfield code="9">ABR9539TS</subfield>
   </datafield>
   <datafield ind1=" " ind2=" " tag="040">
      <subfield code="a">NjP</subfield>
      <subfield code="c">NjP</subfield>
   </datafield>
   <datafield ind1=" " ind2=" " tag="043">
      <subfield code="a">f-ua---</subfield>
      <subfield code="a">aw-----</subfield>
   </datafield>
   <datafield ind1="0" ind2="0" tag="245">
      <subfield code="a">Ṣafwat tārīkh Miṣr wa-al-duwal al-ʻArabīyah :</subfield>
      <subfield code="b">al-juzʾ al-awwal /</subfield>
      <subfield code="c">taʾlīf al-Mayjur Saqdaj ... [et al.].</subfield>
   </datafield>
   <datafield ind1=" " ind2=" " tag="250">
      <subfield code="a">al-Ṭabʻah 7.</subfield>
   </datafield>
   <datafield ind1=" " ind2=" " tag="260">
      <subfield code="a">Miṣr :</subfield>
      <subfield code="b">Maṭbaʻat al-Maʻārif,</subfield>
      <subfield code="c">1925.</subfield>
   </datafield>
   <datafield ind1=" " ind2=" " tag="300">
      <subfield code="a">114 p. :</subfield>
      <subfield code="b">ill. ;</subfield>
      <subfield code="c">20 cm.</subfield>
   </datafield>
   <datafield ind1=" " ind2=" " tag="500">
      <subfield code="a">No more published?</subfield>
   </datafield>
   <datafield ind1=" " ind2="0" tag="651">
      <subfield code="a">Egypt</subfield>
      <subfield code="x">History</subfield>
      <subfield code="y">To 640 A.D.</subfield>
      <subfield code="0">http://id.loc.gov/authorities/subjects/sh85041286</subfield>
   </datafield>
   <datafield ind1=" " ind2="0" tag="651">
      <subfield code="a">Middle East</subfield>
      <subfield code="x">History</subfield>
      <subfield code="y">To 622.</subfield>
      <subfield code="0">http://id.loc.gov/authorities/subjects/sh85090507</subfield>
   </datafield>
   <datafield ind1="1" ind2=" " tag="700">
      <subfield code="a">Iskandarī, Aḥmad.</subfield>
   </datafield>
   <datafield ind1=" " ind2=" " tag="998">
      <subfield code="a">01/20/93</subfield>
      <subfield code="s">9124</subfield>
      <subfield code="n">NjP</subfield>
      <subfield code="w">NJPG86B53989</subfield>
      <subfield code="d">12/02/86</subfield>
      <subfield code="c">SSH</subfield>
      <subfield code="b">DRT</subfield>
      <subfield code="i">930120</subfield>
      <subfield code="l">NJPG</subfield>
   </datafield>
   <datafield ind1=" " ind2=" " tag="948">
      <subfield code="a">CON PC2</subfield>
   </datafield>
   <datafield ind1=" " ind2=" " tag="911">
      <subfield code="a">19930128</subfield>
   </datafield>
   <datafield ind1=" " ind2=" " tag="912">
      <subfield code="a">19960507061527.0</subfield>
   </datafield>
   <datafield ind1="0" ind2="0" tag="852">
      <subfield code="0">376071</subfield>
      <subfield code="b">rcppa</subfield>
      <subfield code="t">1</subfield>
      <subfield code="h">DT83</subfield>
      <subfield code="i">.xS22</subfield>
      <subfield code="x">tr fr anxafst</subfield>
   </datafield>
   <datafield ind1=" " ind2=" " tag="959">
      <subfield code="a">2009-03-24 16:37:54 -0400</subfield>
   </datafield>
</record>
